<?xml version="1.0" encoding="UTF-8"?>
<urn:document xmlns:urn="urn:iso:std:iso:20022:tech:xsd:pacs.008.001.04">
    <urn:FIToFICstmrCdtTrf>
        <urn:GrpHdr>
            <urn:MsgId>SPICAIHECE1201806201733456787146</urn:MsgId>
            <urn:CreDtTm>2018-06-20T12:30:00</urn:CreDtTm>
            <urn:NbOfTxs>3</urn:NbOfTxs>
            <urn:CtrlSum>120.00</urn:CtrlSum>
            <urn:SttlmInf>
                <urn:SttlmMtd>CLRG</urn:SttlmMtd>
                <urn:ClrSys>
                    <urn:Cd>BCE</urn:Cd>
                </urn:ClrSys>
            </urn:SttlmInf>
            <urn:InstgAgt>
                <urn:FinInstnId>
                    <urn:BICFI>CAIHECE1</urn:BICFI>
                </urn:FinInstnId>
                <urn:BrnchId>
                    <urn:Id>001</urn:Id>
                </urn:BrnchId>
            </urn:InstgAgt>
            <urn:InstdAgt>
                <urn:FinInstnId>
                    <urn:BICFI>BCENECEQ</urn:BICFI>
                </urn:FinInstnId>
            </urn:InstdAgt>
        </urn:GrpHdr>
        <urn:CdtTrfTxInf>
            <urn:PmtId>
                <urn:InstrId>PAGO890</urn:InstrId>
                <urn:EndToEndId>SPI1672</urn:EndToEndId>
                <urn:TxId>1961</urn:TxId>
            </urn:PmtId>
            <urn:IntrBkSttlmAmt Ccy="USD">20.00</urn:IntrBkSttlmAmt>
            <urn:IntrBkSttlmDt>2018-06-20</urn:IntrBkSttlmDt>
            <urn:ChrgBr>SLEV</urn:ChrgBr>
            <urn:Dbtr>
                <urn:Nm>MONICA HERRERA</urn:Nm>
                <urn:Id>
                    <urn:PrvtId>
                        <urn:Othr>
                            <urn:Id>0604150268</urn:Id>
                            <urn:SchmeNm>
                                <urn:Cd>NIDN</urn:Cd>
                            </urn:SchmeNm>
                        </urn:Othr>
                    </urn:PrvtId>
                </urn:Id>
            </urn:Dbtr>
            <urn:DbtrAcct>
                <urn:Id>
                    <urn:Othr>
                        <urn:Id>2104001102</urn:Id>
                    </urn:Othr>
                </urn:Id>
                <urn:Tp>
                    <urn:Prtry>02</urn:Prtry>
                </urn:Tp>
                <urn:Ccy>USD</urn:Ccy>
            </urn:DbtrAcct>
            <urn:DbtrAgt>
                <urn:FinInstnId>
                    <urn:BICFI>CAIHECE1</urn:BICFI>
                </urn:FinInstnId>
                <urn:BrnchId>
                    <urn:Id>001</urn:Id>
                </urn:BrnchId>
            </urn:DbtrAgt>
            <urn:DbtrAgtAcct>
                <urn:Id>
                    <urn:Othr>
                        <urn:Id>1700045</urn:Id>
                    </urn:Othr>
                </urn:Id>
                <urn:Tp>
                    <urn:Prtry>01</urn:Prtry>
                </urn:Tp>
                <urn:Ccy>USD</urn:Ccy>
            </urn:DbtrAgtAcct>
            <urn:CdtrAgt>
                <urn:FinInstnId>
                    <urn:BICFI>CORIECE1</urn:BICFI>
                </urn:FinInstnId>
            </urn:CdtrAgt>
            <urn:Cdtr>
                <urn:Nm>YADIRA ANDRADE</urn:Nm>
                <urn:Id>
                    <urn:PrvtId>
                        <urn:Othr>
                            <urn:Id>1716915283</urn:Id>
                            <urn:SchmeNm>
                                <urn:Cd>NIDN</urn:Cd>
                            </urn:SchmeNm>
                        </urn:Othr>
                    </urn:PrvtId>
                </urn:Id>
            </urn:Cdtr>
            <urn:CdtrAcct>
                <urn:Id>
                    <urn:Othr>
                        <urn:Id>2104001102</urn:Id>
                    </urn:Othr>
                </urn:Id>
                <urn:Tp>
                    <urn:Prtry>02</urn:Prtry>
                </urn:Tp>
                <urn:Ccy>USD</urn:Ccy>
            </urn:CdtrAcct>
            <urn:InstrForNxtAgt>
                <urn:InstrInf>1</urn:InstrInf>
            </urn:InstrForNxtAgt>
            <urn:Purp>
                <urn:Prtry>1</urn:Prtry>
            </urn:Purp>
        </urn:CdtTrfTxInf>
        <urn:CdtTrfTxInf>
            <urn:PmtId>
                <urn:InstrId>PAGO782</urn:InstrId>
                <urn:EndToEndId>SPI878</urn:EndToEndId>
                <urn:TxId>776</urn:TxId>
            </urn:PmtId>
            <urn:IntrBkSttlmAmt Ccy="USD">50.00</urn:IntrBkSttlmAmt>
            <urn:IntrBkSttlmDt>2018-06-20</urn:IntrBkSttlmDt>
            <urn:ChrgBr>SLEV</urn:ChrgBr>
            <urn:Dbtr>
                <urn:Nm>MONICA HERRERA</urn:Nm>
                <urn:Id>
                    <urn:PrvtId>
                        <urn:Othr>
                            <urn:Id>0604150268</urn:Id>
                            <urn:SchmeNm>
                                <urn:Cd>NIDN</urn:Cd>
                            </urn:SchmeNm>
                        </urn:Othr>
                    </urn:PrvtId>
                </urn:Id>
            </urn:Dbtr>
            <urn:DbtrAcct>
                <urn:Id>
                    <urn:Othr>
                        <urn:Id>2104001102</urn:Id>
                    </urn:Othr>
                </urn:Id>
                <urn:Tp>
                    <urn:Prtry>02</urn:Prtry>
                </urn:Tp>
                <urn:Ccy>USD</urn:Ccy>
            </urn:DbtrAcct>
            <urn:DbtrAgt>
                <urn:FinInstnId>
                    <urn:BICFI>CAIHECE1</urn:BICFI>
                </urn:FinInstnId>
                <urn:BrnchId>
                    <urn:Id>001</urn:Id>
                </urn:BrnchId>
            </urn:DbtrAgt>
            <urn:DbtrAgtAcct>
                <urn:Id>
                    <urn:Othr>
                        <urn:Id>1700045</urn:Id>
                    </urn:Othr>
                </urn:Id>
                <urn:Tp>
                    <urn:Prtry>01</urn:Prtry>
                </urn:Tp>
                <urn:Ccy>USD</urn:Ccy>
            </urn:DbtrAgtAcct>
            <urn:CdtrAgt>
                <urn:FinInstnId>
                    <urn:BICFI>OACVECE1</urn:BICFI>
                </urn:FinInstnId>
            </urn:CdtrAgt>
            <urn:Cdtr>
                <urn:Nm>DIEGO TORRES</urn:Nm>
                <urn:Id>
                    <urn:PrvtId>
                        <urn:Othr>
                            <urn:Id>1803881962</urn:Id>
                            <urn:SchmeNm>
                                <urn:Cd>NIDN</urn:Cd>
                            </urn:SchmeNm>
                        </urn:Othr>
                    </urn:PrvtId>
                </urn:Id>
            </urn:Cdtr>
            <urn:CdtrAcct>
                <urn:Id>
                    <urn:Othr>
                        <urn:Id>2208962030</urn:Id>
                    </urn:Othr>
                </urn:Id>
                <urn:Tp>
                    <urn:Prtry>02</urn:Prtry>
                </urn:Tp>
                <urn:Ccy>USD</urn:Ccy>
            </urn:CdtrAcct>
            <urn:InstrForNxtAgt>
                <urn:InstrInf>1</urn:InstrInf>
            </urn:InstrForNxtAgt>
            <urn:Purp>
                <urn:Prtry>1</urn:Prtry>
            </urn:Purp>
        </urn:CdtTrfTxInf>
        <urn:CdtTrfTxInf>
            <urn:PmtId>
                <urn:InstrId>PAGO306</urn:InstrId>
                <urn:EndToEndId>SPI1715</urn:EndToEndId>
                <urn:TxId>2057</urn:TxId>
            </urn:PmtId>
            <urn:IntrBkSttlmAmt Ccy="USD">50.00</urn:IntrBkSttlmAmt>
            <urn:IntrBkSttlmDt>2018-06-20</urn:IntrBkSttlmDt>
            <urn:ChrgBr>SLEV</urn:ChrgBr>
            <urn:Dbtr>
                <urn:Nm>MONICA HERRERA</urn:Nm>
                <urn:Id>
                    <urn:PrvtId>
                        <urn:Othr>
                            <urn:Id>0604150268</urn:Id>
                            <urn:SchmeNm>
                                <urn:Cd>NIDN</urn:Cd>
                            </urn:SchmeNm>
                        </urn:Othr>
                    </urn:PrvtId>
                </urn:Id>
            </urn:Dbtr>
            <urn:DbtrAcct>
                <urn:Id>
                    <urn:Othr>
                        <urn:Id>2104001102</urn:Id>
                    </urn:Othr>
                </urn:Id>
                <urn:Tp>
                    <urn:Prtry>02</urn:Prtry>
                </urn:Tp>
                <urn:Ccy>USD</urn:Ccy>
            </urn:DbtrAcct>
            <urn:DbtrAgt>
                <urn:FinInstnId>
                    <urn:BICFI>CAIHECE1</urn:BICFI>
                </urn:FinInstnId>
                <urn:BrnchId>
                    <urn:Id>001</urn:Id>
                </urn:BrnchId>
            </urn:DbtrAgt>
            <urn:DbtrAgtAcct>
                <urn:Id>
                    <urn:Othr>
                        <urn:Id>1700045</urn:Id>
                    </urn:Othr>
                </urn:Id>
                <urn:Tp>
                    <urn:Prtry>01</urn:Prtry>
                </urn:Tp>
                <urn:Ccy>USD</urn:Ccy>
            </urn:DbtrAgtAcct>
            <urn:CdtrAgt>
                <urn:FinInstnId>
                    <urn:BICFI>CHTBECE1</urn:BICFI>
                </urn:FinInstnId>
            </urn:CdtrAgt>
            <urn:Cdtr>
                <urn:Nm>DARWIN ALBUJA</urn:Nm>
                <urn:Id>
                    <urn:PrvtId>
                        <urn:Othr>
                            <urn:Id>0603266448</urn:Id>
                            <urn:SchmeNm>
                                <urn:Cd>NIDN</urn:Cd>
                            </urn:SchmeNm>
                        </urn:Othr>
                    </urn:PrvtId>
                </urn:Id>
            </urn:Cdtr>
            <urn:CdtrAcct>
                <urn:Id>
                    <urn:Othr>
                        <urn:Id>2201420555</urn:Id>
                    </urn:Othr>
                </urn:Id>
                <urn:Tp>
                    <urn:Prtry>02</urn:Prtry>
                </urn:Tp>
                <urn:Ccy>USD</urn:Ccy>
            </urn:CdtrAcct>
            <urn:InstrForNxtAgt>
                <urn:InstrInf>1</urn:InstrInf>
            </urn:InstrForNxtAgt>
            <urn:Purp>
                <urn:Prtry>1</urn:Prtry>
            </urn:Purp>
        </urn:CdtTrfTxInf>
    </urn:FIToFICstmrCdtTrf>
</urn:document>